%YAML 1.1
%TAG !u! tag:unity3d.com,2011:
--- !u!29 &1
OcclusionCullingSettings:
  m_ObjectHideFlags: 0
  serializedVersion: 2
  m_OcclusionBakeSettings:
    smallestOccluder: 5
    smallestHole: 0.25
    backfaceThreshold: 100
  m_SceneGUID: 00000000000000000000000000000000
  m_OcclusionCullingData: {fileID: 0}
--- !u!104 &2
RenderSettings:
  m_ObjectHideFlags: 0
  serializedVersion: 9
  m_Fog: 0
  m_FogColor: {r: 0.5, g: 0.5, b: 0.5, a: 1}
  m_FogMode: 3
  m_FogDensity: 0.01
  m_LinearFogStart: 0
  m_LinearFogEnd: 300
  m_AmbientSkyColor: {r: 0.212, g: 0.227, b: 0.259, a: 1}
  m_AmbientEquatorColor: {r: 0.114, g: 0.125, b: 0.133, a: 1}
  m_AmbientGroundColor: {r: 0.047, g: 0.043, b: 0.035, a: 1}
  m_AmbientIntensity: 1
  m_AmbientMode: 0
  m_SubtractiveShadowColor: {r: 0.42, g: 0.478, b: 0.627, a: 1}
  m_SkyboxMaterial: {fileID: 10304, guid: 0000000000000000f000000000000000, type: 0}
  m_HaloStrength: 0.5
  m_FlareStrength: 1
  m_FlareFadeSpeed: 3
  m_HaloTexture: {fileID: 0}
  m_SpotCookie: {fileID: 10001, guid: 0000000000000000e000000000000000, type: 0}
  m_DefaultReflectionMode: 0
  m_DefaultReflectionResolution: 128
  m_ReflectionBounces: 1
  m_ReflectionIntensity: 1
  m_CustomReflection: {fileID: 0}
  m_Sun: {fileID: 0}
  m_IndirectSpecularColor: {r: 0.44657874, g: 0.49641258, b: 0.5748172, a: 1}
  m_UseRadianceAmbientProbe: 0
--- !u!157 &3
LightmapSettings:
  m_ObjectHideFlags: 0
  serializedVersion: 12
  m_GIWorkflowMode: 1
  m_GISettings:
    serializedVersion: 2
    m_BounceScale: 1
    m_IndirectOutputScale: 1
    m_AlbedoBoost: 1
    m_EnvironmentLightingMode: 0
    m_EnableBakedLightmaps: 1
    m_EnableRealtimeLightmaps: 0
  m_LightmapEditorSettings:
    serializedVersion: 12
    m_Resolution: 2
    m_BakeResolution: 40
    m_AtlasSize: 1024
    m_AO: 0
    m_AOMaxDistance: 1
    m_CompAOExponent: 1
    m_CompAOExponentDirect: 0
    m_ExtractAmbientOcclusion: 0
    m_Padding: 2
    m_LightmapParameters: {fileID: 0}
    m_LightmapsBakeMode: 1
    m_TextureCompression: 1
    m_FinalGather: 0
    m_FinalGatherFiltering: 1
    m_FinalGatherRayCount: 256
    m_ReflectionCompression: 2
    m_MixedBakeMode: 2
    m_BakeBackend: 1
    m_PVRSampling: 1
    m_PVRDirectSampleCount: 32
    m_PVRSampleCount: 512
    m_PVRBounces: 2
    m_PVREnvironmentSampleCount: 256
    m_PVREnvironmentReferencePointCount: 2048
    m_PVRFilteringMode: 1
    m_PVRDenoiserTypeDirect: 1
    m_PVRDenoiserTypeIndirect: 1
    m_PVRDenoiserTypeAO: 1
    m_PVRFilterTypeDirect: 0
    m_PVRFilterTypeIndirect: 0
    m_PVRFilterTypeAO: 0
    m_PVREnvironmentMIS: 1
    m_PVRCulling: 1
    m_PVRFilteringGaussRadiusDirect: 1
    m_PVRFilteringGaussRadiusIndirect: 5
    m_PVRFilteringGaussRadiusAO: 2
    m_PVRFilteringAtrousPositionSigmaDirect: 0.5
    m_PVRFilteringAtrousPositionSigmaIndirect: 2
    m_PVRFilteringAtrousPositionSigmaAO: 1
    m_ExportTrainingData: 0
    m_TrainingDataDestination: TrainingData
    m_LightProbeSampleCountMultiplier: 4
  m_LightingDataAsset: {fileID: 0}
  m_LightingSettings: {fileID: 4890085278179872738, guid: 0ec9a87b339874f419275efaafc873db, type: 2}
--- !u!196 &4
NavMeshSettings:
  serializedVersion: 2
  m_ObjectHideFlags: 0
  m_BuildSettings:
    serializedVersion: 2
    agentTypeID: 0
    agentRadius: 0.5
    agentHeight: 2
    agentSlope: 45
    agentClimb: 0.4
    ledgeDropHeight: 0
    maxJumpAcrossDistance: 0
    minRegionArea: 2
    manualCellSize: 0
    cellSize: 0.16666667
    manualTileSize: 0
    tileSize: 256
    accuratePlacement: 0
    maxJobWorkers: 0
    preserveTilesOutsideBounds: 0
    debug:
      m_Flags: 0
  m_NavMeshData: {fileID: 23800000, guid: 46937129b7fe044489e09da9ec05b8b6, type: 2}
--- !u!1001 &8502025
PrefabInstance:
  m_ObjectHideFlags: 0
  serializedVersion: 2
  m_Modification:
    m_TransformParent: {fileID: 0}
    m_Modifications:
    - target: {fileID: 4854438933476946137, guid: 95ece480130df2747b51934bcb20d0f6, type: 3}
      propertyPath: m_Name
      value: Enemy (2)
      objectReference: {fileID: 0}
    - target: {fileID: 4854438933476946141, guid: 95ece480130df2747b51934bcb20d0f6, type: 3}
      propertyPath: m_LocalPosition.x
      value: -13.629859
      objectReference: {fileID: 0}
    - target: {fileID: 4854438933476946141, guid: 95ece480130df2747b51934bcb20d0f6, type: 3}
      propertyPath: m_LocalPosition.y
      value: 0
      objectReference: {fileID: 0}
    - target: {fileID: 4854438933476946141, guid: 95ece480130df2747b51934bcb20d0f6, type: 3}
      propertyPath: m_LocalPosition.z
      value: 43.50024
      objectReference: {fileID: 0}
    - target: {fileID: 4854438933476946141, guid: 95ece480130df2747b51934bcb20d0f6, type: 3}
      propertyPath: m_LocalRotation.x
      value: 0
      objectReference: {fileID: 0}
    - target: {fileID: 4854438933476946141, guid: 95ece480130df2747b51934bcb20d0f6, type: 3}
      propertyPath: m_LocalRotation.y
      value: 0
      objectReference: {fileID: 0}
    - target: {fileID: 4854438933476946141, guid: 95ece480130df2747b51934bcb20d0f6, type: 3}
      propertyPath: m_LocalRotation.z
      value: 0
      objectReference: {fileID: 0}
    - target: {fileID: 4854438933476946141, guid: 95ece480130df2747b51934bcb20d0f6, type: 3}
      propertyPath: m_LocalRotation.w
      value: 1
      objectReference: {fileID: 0}
    - target: {fileID: 4854438933476946141, guid: 95ece480130df2747b51934bcb20d0f6, type: 3}
      propertyPath: m_RootOrder
      value: 3
      objectReference: {fileID: 0}
    - target: {fileID: 4854438933476946141, guid: 95ece480130df2747b51934bcb20d0f6, type: 3}
      propertyPath: m_LocalEulerAnglesHint.x
      value: 0
      objectReference: {fileID: 0}
    - target: {fileID: 4854438933476946141, guid: 95ece480130df2747b51934bcb20d0f6, type: 3}
      propertyPath: m_LocalEulerAnglesHint.y
      value: 0
      objectReference: {fileID: 0}
    - target: {fileID: 4854438933476946141, guid: 95ece480130df2747b51934bcb20d0f6, type: 3}
      propertyPath: m_LocalEulerAnglesHint.z
      value: 0
      objectReference: {fileID: 0}
    m_RemovedComponents: []
  m_SourcePrefab: {fileID: 100100000, guid: 95ece480130df2747b51934bcb20d0f6, type: 3}
--- !u!1001 &115329100
PrefabInstance:
  m_ObjectHideFlags: 0
  serializedVersion: 2
  m_Modification:
    m_TransformParent: {fileID: 0}
    m_Modifications:
    - target: {fileID: 6019098983199767985, guid: 1404d6edc44bc2d4f828bcd06bdade8f, type: 3}
      propertyPath: m_Name
      value: buildingCorner
      objectReference: {fileID: 0}
    - target: {fileID: 6019098983199767985, guid: 1404d6edc44bc2d4f828bcd06bdade8f, type: 3}
      propertyPath: m_Layer
      value: 8
      objectReference: {fileID: 0}
    - target: {fileID: 6019098983200121233, guid: 1404d6edc44bc2d4f828bcd06bdade8f, type: 3}
      propertyPath: m_LocalPosition.x
      value: -95.9
      objectReference: {fileID: 0}
    - target: {fileID: 6019098983200121233, guid: 1404d6edc44bc2d4f828bcd06bdade8f, type: 3}
      propertyPath: m_LocalPosition.y
      value: 0
      objectReference: {fileID: 0}
    - target: {fileID: 6019098983200121233, guid: 1404d6edc44bc2d4f828bcd06bdade8f, type: 3}
      propertyPath: m_LocalPosition.z
      value: 28.426613
      objectReference: {fileID: 0}
    - target: {fileID: 6019098983200121233, guid: 1404d6edc44bc2d4f828bcd06bdade8f, type: 3}
      propertyPath: m_LocalRotation.x
      value: -0
      objectReference: {fileID: 0}
    - target: {fileID: 6019098983200121233, guid: 1404d6edc44bc2d4f828bcd06bdade8f, type: 3}
      propertyPath: m_LocalRotation.y
      value: -0.16367184
      objectReference: {fileID: 0}
    - target: {fileID: 6019098983200121233, guid: 1404d6edc44bc2d4f828bcd06bdade8f, type: 3}
      propertyPath: m_LocalRotation.z
      value: -0
      objectReference: {fileID: 0}
    - target: {fileID: 6019098983200121233, guid: 1404d6edc44bc2d4f828bcd06bdade8f, type: 3}
      propertyPath: m_LocalRotation.w
      value: 0.9865148
      objectReference: {fileID: 0}
    - target: {fileID: 6019098983200121233, guid: 1404d6edc44bc2d4f828bcd06bdade8f, type: 3}
      propertyPath: m_RootOrder
      value: 13
      objectReference: {fileID: 0}
    - target: {fileID: 6019098983200121233, guid: 1404d6edc44bc2d4f828bcd06bdade8f, type: 3}
      propertyPath: m_LocalEulerAnglesHint.x
      value: 0
      objectReference: {fileID: 0}
    - target: {fileID: 6019098983200121233, guid: 1404d6edc44bc2d4f828bcd06bdade8f, type: 3}
      propertyPath: m_LocalEulerAnglesHint.y
      value: -18.84
      objectReference: {fileID: 0}
    - target: {fileID: 6019098983200121233, guid: 1404d6edc44bc2d4f828bcd06bdade8f, type: 3}
      propertyPath: m_LocalEulerAnglesHint.z
      value: 0
      objectReference: {fileID: 0}
    - target: {fileID: 6019098983200121233, guid: 1404d6edc44bc2d4f828bcd06bdade8f, type: 3}
      propertyPath: m_LocalScale.x
      value: 1
      objectReference: {fileID: 0}
    - target: {fileID: 6019098983200121233, guid: 1404d6edc44bc2d4f828bcd06bdade8f, type: 3}
      propertyPath: m_LocalScale.y
      value: 1
      objectReference: {fileID: 0}
    - target: {fileID: 6019098983200121233, guid: 1404d6edc44bc2d4f828bcd06bdade8f, type: 3}
      propertyPath: m_LocalScale.z
      value: 1
      objectReference: {fileID: 0}
    m_RemovedComponents: []
  m_SourcePrefab: {fileID: 100100000, guid: 1404d6edc44bc2d4f828bcd06bdade8f, type: 3}
--- !u!1001 &205838749
PrefabInstance:
  m_ObjectHideFlags: 0
  serializedVersion: 2
  m_Modification:
    m_TransformParent: {fileID: 0}
    m_Modifications:
    - target: {fileID: 4854438933476946137, guid: 95ece480130df2747b51934bcb20d0f6, type: 3}
      propertyPath: m_Name
      value: Enemy
      objectReference: {fileID: 0}
    - target: {fileID: 4854438933476946141, guid: 95ece480130df2747b51934bcb20d0f6, type: 3}
      propertyPath: m_LocalPosition.x
      value: -66.0719
      objectReference: {fileID: 0}
    - target: {fileID: 4854438933476946141, guid: 95ece480130df2747b51934bcb20d0f6, type: 3}
      propertyPath: m_LocalPosition.y
      value: 1.021
      objectReference: {fileID: 0}
    - target: {fileID: 4854438933476946141, guid: 95ece480130df2747b51934bcb20d0f6, type: 3}
      propertyPath: m_LocalPosition.z
      value: -4.1928253
      objectReference: {fileID: 0}
    - target: {fileID: 4854438933476946141, guid: 95ece480130df2747b51934bcb20d0f6, type: 3}
      propertyPath: m_LocalRotation.x
      value: 0
      objectReference: {fileID: 0}
    - target: {fileID: 4854438933476946141, guid: 95ece480130df2747b51934bcb20d0f6, type: 3}
      propertyPath: m_LocalRotation.y
      value: 0
      objectReference: {fileID: 0}
    - target: {fileID: 4854438933476946141, guid: 95ece480130df2747b51934bcb20d0f6, type: 3}
      propertyPath: m_LocalRotation.z
      value: 0
      objectReference: {fileID: 0}
    - target: {fileID: 4854438933476946141, guid: 95ece480130df2747b51934bcb20d0f6, type: 3}
      propertyPath: m_LocalRotation.w
      value: 1
      objectReference: {fileID: 0}
    - target: {fileID: 4854438933476946141, guid: 95ece480130df2747b51934bcb20d0f6, type: 3}
      propertyPath: m_RootOrder
      value: 2
      objectReference: {fileID: 0}
    - target: {fileID: 4854438933476946141, guid: 95ece480130df2747b51934bcb20d0f6, type: 3}
      propertyPath: m_LocalEulerAnglesHint.x
      value: 0
      objectReference: {fileID: 0}
    - target: {fileID: 4854438933476946141, guid: 95ece480130df2747b51934bcb20d0f6, type: 3}
      propertyPath: m_LocalEulerAnglesHint.y
      value: 0
      objectReference: {fileID: 0}
    - target: {fileID: 4854438933476946141, guid: 95ece480130df2747b51934bcb20d0f6, type: 3}
      propertyPath: m_LocalEulerAnglesHint.z
      value: 0
      objectReference: {fileID: 0}
    m_RemovedComponents: []
  m_SourcePrefab: {fileID: 100100000, guid: 95ece480130df2747b51934bcb20d0f6, type: 3}
--- !u!4 &291386816 stripped
Transform:
  m_CorrespondingSourceObject: {fileID: 8832143005849420893, guid: 9be6a12d4fc5b704e9a15520d57b58ac, type: 3}
  m_PrefabInstance: {fileID: 426779031}
  m_PrefabAsset: {fileID: 0}
--- !u!4 &410997138 stripped
Transform:
  m_CorrespondingSourceObject: {fileID: 340398923121601983, guid: 8113d96a512001b448bed88cbe07788c, type: 3}
  m_PrefabInstance: {fileID: 927751123}
  m_PrefabAsset: {fileID: 0}
--- !u!1001 &426779031
PrefabInstance:
  m_ObjectHideFlags: 0
  serializedVersion: 2
  m_Modification:
    m_TransformParent: {fileID: 1891417238}
    m_Modifications:
    - target: {fileID: 8832143005849420893, guid: 9be6a12d4fc5b704e9a15520d57b58ac, type: 3}
      propertyPath: m_LocalPosition.x
      value: -450
      objectReference: {fileID: 0}
    - target: {fileID: 8832143005849420893, guid: 9be6a12d4fc5b704e9a15520d57b58ac, type: 3}
      propertyPath: m_LocalPosition.y
      value: 0
      objectReference: {fileID: 0}
    - target: {fileID: 8832143005849420893, guid: 9be6a12d4fc5b704e9a15520d57b58ac, type: 3}
      propertyPath: m_LocalPosition.z
      value: -500
      objectReference: {fileID: 0}
    - target: {fileID: 8832143005849420893, guid: 9be6a12d4fc5b704e9a15520d57b58ac, type: 3}
      propertyPath: m_LocalRotation.x
      value: -0
      objectReference: {fileID: 0}
    - target: {fileID: 8832143005849420893, guid: 9be6a12d4fc5b704e9a15520d57b58ac, type: 3}
      propertyPath: m_LocalRotation.y
      value: -0
      objectReference: {fileID: 0}
    - target: {fileID: 8832143005849420893, guid: 9be6a12d4fc5b704e9a15520d57b58ac, type: 3}
      propertyPath: m_LocalRotation.z
      value: -0
      objectReference: {fileID: 0}
    - target: {fileID: 8832143005849420893, guid: 9be6a12d4fc5b704e9a15520d57b58ac, type: 3}
      propertyPath: m_LocalRotation.w
      value: 1
      objectReference: {fileID: 0}
    - target: {fileID: 8832143005849420893, guid: 9be6a12d4fc5b704e9a15520d57b58ac, type: 3}
      propertyPath: m_RootOrder
      value: 4
      objectReference: {fileID: 0}
    - target: {fileID: 8832143005849420893, guid: 9be6a12d4fc5b704e9a15520d57b58ac, type: 3}
      propertyPath: m_LocalEulerAnglesHint.x
      value: 0
      objectReference: {fileID: 0}
    - target: {fileID: 8832143005849420893, guid: 9be6a12d4fc5b704e9a15520d57b58ac, type: 3}
      propertyPath: m_LocalEulerAnglesHint.y
      value: 0
      objectReference: {fileID: 0}
    - target: {fileID: 8832143005849420893, guid: 9be6a12d4fc5b704e9a15520d57b58ac, type: 3}
      propertyPath: m_LocalEulerAnglesHint.z
      value: 0
      objectReference: {fileID: 0}
    - target: {fileID: 8832143005849420893, guid: 9be6a12d4fc5b704e9a15520d57b58ac, type: 3}
      propertyPath: m_LocalScale.x
      value: 100
      objectReference: {fileID: 0}
    - target: {fileID: 8832143005849420893, guid: 9be6a12d4fc5b704e9a15520d57b58ac, type: 3}
      propertyPath: m_LocalScale.y
      value: 100
      objectReference: {fileID: 0}
    - target: {fileID: 8832143005849420893, guid: 9be6a12d4fc5b704e9a15520d57b58ac, type: 3}
      propertyPath: m_LocalScale.z
      value: 100
      objectReference: {fileID: 0}
    - target: {fileID: 8832143005849524349, guid: 9be6a12d4fc5b704e9a15520d57b58ac, type: 3}
      propertyPath: m_Name
      value: groundTile
      objectReference: {fileID: 0}
    - target: {fileID: 8832143005849524349, guid: 9be6a12d4fc5b704e9a15520d57b58ac, type: 3}
      propertyPath: m_Layer
      value: 8
      objectReference: {fileID: 0}
    - target: {fileID: 8832143005849524349, guid: 9be6a12d4fc5b704e9a15520d57b58ac, type: 3}
      propertyPath: m_StaticEditorFlags
      value: 8
      objectReference: {fileID: 0}
    m_RemovedComponents: []
  m_SourcePrefab: {fileID: 100100000, guid: 9be6a12d4fc5b704e9a15520d57b58ac, type: 3}
--- !u!1001 &927751123
PrefabInstance:
  m_ObjectHideFlags: 0
  serializedVersion: 2
  m_Modification:
    m_TransformParent: {fileID: 1891417238}
    m_Modifications:
    - target: {fileID: 340398923121242527, guid: 8113d96a512001b448bed88cbe07788c, type: 3}
      propertyPath: m_Name
      value: rocksTall (4)
      objectReference: {fileID: 0}
    - target: {fileID: 340398923121242527, guid: 8113d96a512001b448bed88cbe07788c, type: 3}
      propertyPath: m_StaticEditorFlags
      value: 8
      objectReference: {fileID: 0}
    - target: {fileID: 340398923121601983, guid: 8113d96a512001b448bed88cbe07788c, type: 3}
      propertyPath: m_LocalPosition.x
      value: 2.5
      objectReference: {fileID: 0}
    - target: {fileID: 340398923121601983, guid: 8113d96a512001b448bed88cbe07788c, type: 3}
      propertyPath: m_LocalPosition.y
      value: 0
      objectReference: {fileID: 0}
    - target: {fileID: 340398923121601983, guid: 8113d96a512001b448bed88cbe07788c, type: 3}
      propertyPath: m_LocalPosition.z
      value: -7.476242
      objectReference: {fileID: 0}
    - target: {fileID: 340398923121601983, guid: 8113d96a512001b448bed88cbe07788c, type: 3}
      propertyPath: m_LocalRotation.x
      value: -0
      objectReference: {fileID: 0}
    - target: {fileID: 340398923121601983, guid: 8113d96a512001b448bed88cbe07788c, type: 3}
      propertyPath: m_LocalRotation.y
      value: -0.39235902
      objectReference: {fileID: 0}
    - target: {fileID: 340398923121601983, guid: 8113d96a512001b448bed88cbe07788c, type: 3}
      propertyPath: m_LocalRotation.z
      value: -0
      objectReference: {fileID: 0}
    - target: {fileID: 340398923121601983, guid: 8113d96a512001b448bed88cbe07788c, type: 3}
      propertyPath: m_LocalRotation.w
      value: 0.9198122
      objectReference: {fileID: 0}
    - target: {fileID: 340398923121601983, guid: 8113d96a512001b448bed88cbe07788c, type: 3}
      propertyPath: m_RootOrder
      value: 3
      objectReference: {fileID: 0}
    - target: {fileID: 340398923121601983, guid: 8113d96a512001b448bed88cbe07788c, type: 3}
      propertyPath: m_LocalEulerAnglesHint.x
      value: 0
      objectReference: {fileID: 0}
    - target: {fileID: 340398923121601983, guid: 8113d96a512001b448bed88cbe07788c, type: 3}
      propertyPath: m_LocalEulerAnglesHint.y
      value: -46.203
      objectReference: {fileID: 0}
    - target: {fileID: 340398923121601983, guid: 8113d96a512001b448bed88cbe07788c, type: 3}
      propertyPath: m_LocalEulerAnglesHint.z
      value: 0
      objectReference: {fileID: 0}
    - target: {fileID: 340398923121601983, guid: 8113d96a512001b448bed88cbe07788c, type: 3}
      propertyPath: m_LocalScale.x
      value: 6.7307687
      objectReference: {fileID: 0}
    - target: {fileID: 340398923121601983, guid: 8113d96a512001b448bed88cbe07788c, type: 3}
      propertyPath: m_LocalScale.y
      value: 5.6678
      objectReference: {fileID: 0}
    - target: {fileID: 340398923121601983, guid: 8113d96a512001b448bed88cbe07788c, type: 3}
      propertyPath: m_LocalScale.z
      value: 6.7285433
      objectReference: {fileID: 0}
    m_RemovedComponents: []
  m_SourcePrefab: {fileID: 100100000, guid: 8113d96a512001b448bed88cbe07788c, type: 3}
--- !u!4 &1109485489 stripped
Transform:
  m_CorrespondingSourceObject: {fileID: 340398923121601983, guid: 8113d96a512001b448bed88cbe07788c, type: 3}
  m_PrefabInstance: {fileID: 1936553413}
  m_PrefabAsset: {fileID: 0}
--- !u!1001 &1141423521
PrefabInstance:
  m_ObjectHideFlags: 0
  serializedVersion: 2
  m_Modification:
    m_TransformParent: {fileID: 0}
    m_Modifications:
    - target: {fileID: 3987728926925406320, guid: b1a442f728a71d949b4a35d8e261dabd, type: 3}
      propertyPath: m_Name
      value: Turret (1)
      objectReference: {fileID: 0}
    - target: {fileID: 3987728926925406321, guid: b1a442f728a71d949b4a35d8e261dabd, type: 3}
      propertyPath: m_LocalPosition.x
      value: -76.31645
      objectReference: {fileID: 0}
    - target: {fileID: 3987728926925406321, guid: b1a442f728a71d949b4a35d8e261dabd, type: 3}
      propertyPath: m_LocalPosition.y
      value: 0
      objectReference: {fileID: 0}
    - target: {fileID: 3987728926925406321, guid: b1a442f728a71d949b4a35d8e261dabd, type: 3}
      propertyPath: m_LocalPosition.z
      value: 50.910202
      objectReference: {fileID: 0}
    - target: {fileID: 3987728926925406321, guid: b1a442f728a71d949b4a35d8e261dabd, type: 3}
      propertyPath: m_LocalRotation.x
      value: 0
      objectReference: {fileID: 0}
    - target: {fileID: 3987728926925406321, guid: b1a442f728a71d949b4a35d8e261dabd, type: 3}
      propertyPath: m_LocalRotation.y
      value: 0
      objectReference: {fileID: 0}
    - target: {fileID: 3987728926925406321, guid: b1a442f728a71d949b4a35d8e261dabd, type: 3}
      propertyPath: m_LocalRotation.z
      value: 0
      objectReference: {fileID: 0}
    - target: {fileID: 3987728926925406321, guid: b1a442f728a71d949b4a35d8e261dabd, type: 3}
      propertyPath: m_LocalRotation.w
      value: 1
      objectReference: {fileID: 0}
    - target: {fileID: 3987728926925406321, guid: b1a442f728a71d949b4a35d8e261dabd, type: 3}
      propertyPath: m_RootOrder
      value: 1
      objectReference: {fileID: 0}
    - target: {fileID: 3987728926925406321, guid: b1a442f728a71d949b4a35d8e261dabd, type: 3}
      propertyPath: m_LocalEulerAnglesHint.x
      value: 0
      objectReference: {fileID: 0}
    - target: {fileID: 3987728926925406321, guid: b1a442f728a71d949b4a35d8e261dabd, type: 3}
      propertyPath: m_LocalEulerAnglesHint.y
      value: 0
      objectReference: {fileID: 0}
    - target: {fileID: 3987728926925406321, guid: b1a442f728a71d949b4a35d8e261dabd, type: 3}
      propertyPath: m_LocalEulerAnglesHint.z
      value: 0
      objectReference: {fileID: 0}
    m_RemovedComponents: []
  m_SourcePrefab: {fileID: 100100000, guid: b1a442f728a71d949b4a35d8e261dabd, type: 3}
--- !u!1001 &1366208939
PrefabInstance:
  m_ObjectHideFlags: 0
  serializedVersion: 2
  m_Modification:
    m_TransformParent: {fileID: 0}
    m_Modifications:
    - target: {fileID: 4854438933476946137, guid: 95ece480130df2747b51934bcb20d0f6, type: 3}
      propertyPath: m_Name
      value: Enemy (1)
      objectReference: {fileID: 0}
    - target: {fileID: 4854438933476946141, guid: 95ece480130df2747b51934bcb20d0f6, type: 3}
      propertyPath: m_LocalPosition.x
      value: -27.0229
      objectReference: {fileID: 0}
    - target: {fileID: 4854438933476946141, guid: 95ece480130df2747b51934bcb20d0f6, type: 3}
      propertyPath: m_LocalPosition.y
      value: 1.021
      objectReference: {fileID: 0}
    - target: {fileID: 4854438933476946141, guid: 95ece480130df2747b51934bcb20d0f6, type: 3}
      propertyPath: m_LocalPosition.z
      value: -17.87133
      objectReference: {fileID: 0}
    - target: {fileID: 4854438933476946141, guid: 95ece480130df2747b51934bcb20d0f6, type: 3}
      propertyPath: m_LocalRotation.x
      value: 0
      objectReference: {fileID: 0}
    - target: {fileID: 4854438933476946141, guid: 95ece480130df2747b51934bcb20d0f6, type: 3}
      propertyPath: m_LocalRotation.y
      value: 0
      objectReference: {fileID: 0}
    - target: {fileID: 4854438933476946141, guid: 95ece480130df2747b51934bcb20d0f6, type: 3}
      propertyPath: m_LocalRotation.z
      value: 0
      objectReference: {fileID: 0}
    - target: {fileID: 4854438933476946141, guid: 95ece480130df2747b51934bcb20d0f6, type: 3}
      propertyPath: m_LocalRotation.w
      value: 1
      objectReference: {fileID: 0}
    - target: {fileID: 4854438933476946141, guid: 95ece480130df2747b51934bcb20d0f6, type: 3}
      propertyPath: m_RootOrder
      value: 6
      objectReference: {fileID: 0}
    - target: {fileID: 4854438933476946141, guid: 95ece480130df2747b51934bcb20d0f6, type: 3}
      propertyPath: m_LocalEulerAnglesHint.x
      value: 0
      objectReference: {fileID: 0}
    - target: {fileID: 4854438933476946141, guid: 95ece480130df2747b51934bcb20d0f6, type: 3}
      propertyPath: m_LocalEulerAnglesHint.y
      value: 0
      objectReference: {fileID: 0}
    - target: {fileID: 4854438933476946141, guid: 95ece480130df2747b51934bcb20d0f6, type: 3}
      propertyPath: m_LocalEulerAnglesHint.z
      value: 0
      objectReference: {fileID: 0}
    m_RemovedComponents: []
  m_SourcePrefab: {fileID: 100100000, guid: 95ece480130df2747b51934bcb20d0f6, type: 3}
--- !u!4 &1544880840 stripped
Transform:
  m_CorrespondingSourceObject: {fileID: 340398923121601983, guid: 8113d96a512001b448bed88cbe07788c, type: 3}
  m_PrefabInstance: {fileID: 1666394824}
  m_PrefabAsset: {fileID: 0}
--- !u!1001 &1558838527
PrefabInstance:
  m_ObjectHideFlags: 0
  serializedVersion: 2
  m_Modification:
    m_TransformParent: {fileID: 0}
    m_Modifications:
    - target: {fileID: 1305831130976553698, guid: fd78d27d561d18d409379e0e37c83e65, type: 3}
      propertyPath: m_Name
      value: satelliteDish
      objectReference: {fileID: 0}
    - target: {fileID: 1305831130976917186, guid: fd78d27d561d18d409379e0e37c83e65, type: 3}
      propertyPath: m_LocalPosition.x
      value: -17.4
      objectReference: {fileID: 0}
    - target: {fileID: 1305831130976917186, guid: fd78d27d561d18d409379e0e37c83e65, type: 3}
      propertyPath: m_LocalPosition.y
      value: 0.000009112443
      objectReference: {fileID: 0}
    - target: {fileID: 1305831130976917186, guid: fd78d27d561d18d409379e0e37c83e65, type: 3}
      propertyPath: m_LocalPosition.z
      value: 56.005875
      objectReference: {fileID: 0}
    - target: {fileID: 1305831130976917186, guid: fd78d27d561d18d409379e0e37c83e65, type: 3}
      propertyPath: m_LocalRotation.x
      value: 0
      objectReference: {fileID: 0}
    - target: {fileID: 1305831130976917186, guid: fd78d27d561d18d409379e0e37c83e65, type: 3}
      propertyPath: m_LocalRotation.y
      value: 0.27924252
      objectReference: {fileID: 0}
    - target: {fileID: 1305831130976917186, guid: fd78d27d561d18d409379e0e37c83e65, type: 3}
      propertyPath: m_LocalRotation.z
      value: 0
      objectReference: {fileID: 0}
    - target: {fileID: 1305831130976917186, guid: fd78d27d561d18d409379e0e37c83e65, type: 3}
      propertyPath: m_LocalRotation.w
      value: 0.96022063
      objectReference: {fileID: 0}
    - target: {fileID: 1305831130976917186, guid: fd78d27d561d18d409379e0e37c83e65, type: 3}
      propertyPath: m_RootOrder
      value: 4
      objectReference: {fileID: 0}
    - target: {fileID: 1305831130976917186, guid: fd78d27d561d18d409379e0e37c83e65, type: 3}
      propertyPath: m_LocalEulerAnglesHint.x
      value: 0
      objectReference: {fileID: 0}
    - target: {fileID: 1305831130976917186, guid: fd78d27d561d18d409379e0e37c83e65, type: 3}
      propertyPath: m_LocalEulerAnglesHint.y
      value: 32.43
      objectReference: {fileID: 0}
    - target: {fileID: 1305831130976917186, guid: fd78d27d561d18d409379e0e37c83e65, type: 3}
      propertyPath: m_LocalEulerAnglesHint.z
      value: 0
      objectReference: {fileID: 0}
    m_RemovedComponents: []
  m_SourcePrefab: {fileID: 100100000, guid: fd78d27d561d18d409379e0e37c83e65, type: 3}
--- !u!1001 &1666394824
PrefabInstance:
  m_ObjectHideFlags: 0
  serializedVersion: 2
  m_Modification:
    m_TransformParent: {fileID: 1891417238}
    m_Modifications:
    - target: {fileID: 340398923121242527, guid: 8113d96a512001b448bed88cbe07788c, type: 3}
      propertyPath: m_Name
      value: rocksTall (3)
      objectReference: {fileID: 0}
    - target: {fileID: 340398923121242527, guid: 8113d96a512001b448bed88cbe07788c, type: 3}
      propertyPath: m_StaticEditorFlags
      value: 8
      objectReference: {fileID: 0}
    - target: {fileID: 340398923121601983, guid: 8113d96a512001b448bed88cbe07788c, type: 3}
      propertyPath: m_LocalPosition.x
      value: -116.1342
      objectReference: {fileID: 0}
    - target: {fileID: 340398923121601983, guid: 8113d96a512001b448bed88cbe07788c, type: 3}
      propertyPath: m_LocalPosition.y
      value: 0
      objectReference: {fileID: 0}
    - target: {fileID: 340398923121601983, guid: 8113d96a512001b448bed88cbe07788c, type: 3}
      propertyPath: m_LocalPosition.z
      value: 37.9
      objectReference: {fileID: 0}
    - target: {fileID: 340398923121601983, guid: 8113d96a512001b448bed88cbe07788c, type: 3}
      propertyPath: m_LocalRotation.x
      value: -0
      objectReference: {fileID: 0}
    - target: {fileID: 340398923121601983, guid: 8113d96a512001b448bed88cbe07788c, type: 3}
      propertyPath: m_LocalRotation.y
      value: 0.80039716
      objectReference: {fileID: 0}
    - target: {fileID: 340398923121601983, guid: 8113d96a512001b448bed88cbe07788c, type: 3}
      propertyPath: m_LocalRotation.z
      value: -0
      objectReference: {fileID: 0}
    - target: {fileID: 340398923121601983, guid: 8113d96a512001b448bed88cbe07788c, type: 3}
      propertyPath: m_LocalRotation.w
      value: 0.59947014
      objectReference: {fileID: 0}
    - target: {fileID: 340398923121601983, guid: 8113d96a512001b448bed88cbe07788c, type: 3}
      propertyPath: m_RootOrder
      value: 2
      objectReference: {fileID: 0}
    - target: {fileID: 340398923121601983, guid: 8113d96a512001b448bed88cbe07788c, type: 3}
      propertyPath: m_LocalEulerAnglesHint.x
      value: 0
      objectReference: {fileID: 0}
    - target: {fileID: 340398923121601983, guid: 8113d96a512001b448bed88cbe07788c, type: 3}
      propertyPath: m_LocalEulerAnglesHint.y
      value: 106.336
      objectReference: {fileID: 0}
    - target: {fileID: 340398923121601983, guid: 8113d96a512001b448bed88cbe07788c, type: 3}
      propertyPath: m_LocalEulerAnglesHint.z
      value: 0
      objectReference: {fileID: 0}
    - target: {fileID: 340398923121601983, guid: 8113d96a512001b448bed88cbe07788c, type: 3}
      propertyPath: m_LocalScale.x
      value: 6.7307687
      objectReference: {fileID: 0}
    - target: {fileID: 340398923121601983, guid: 8113d96a512001b448bed88cbe07788c, type: 3}
      propertyPath: m_LocalScale.y
      value: 5.6678
      objectReference: {fileID: 0}
    - target: {fileID: 340398923121601983, guid: 8113d96a512001b448bed88cbe07788c, type: 3}
      propertyPath: m_LocalScale.z
      value: 6.7285433
      objectReference: {fileID: 0}
    m_RemovedComponents: []
  m_SourcePrefab: {fileID: 100100000, guid: 8113d96a512001b448bed88cbe07788c, type: 3}
--- !u!1 &1763174345
GameObject:
  m_ObjectHideFlags: 0
  m_CorrespondingSourceObject: {fileID: 0}
  m_PrefabInstance: {fileID: 0}
  m_PrefabAsset: {fileID: 0}
  serializedVersion: 6
  m_Component:
  - component: {fileID: 1763174347}
  - component: {fileID: 1763174346}
  m_Layer: 0
  m_Name: Directional Light
  m_TagString: Untagged
  m_Icon: {fileID: 0}
  m_NavMeshLayer: 0
  m_StaticEditorFlags: 0
  m_IsActive: 1
--- !u!108 &1763174346
Light:
  m_ObjectHideFlags: 0
  m_CorrespondingSourceObject: {fileID: 0}
  m_PrefabInstance: {fileID: 0}
  m_PrefabAsset: {fileID: 0}
  m_GameObject: {fileID: 1763174345}
  m_Enabled: 1
  serializedVersion: 10
  m_Type: 1
  m_Shape: 0
  m_Color: {r: 1, g: 0.95686275, b: 0.8392157, a: 1}
  m_Intensity: 1
  m_Range: 10
  m_SpotAngle: 30
  m_InnerSpotAngle: 21.80208
  m_CookieSize: 10
  m_Shadows:
    m_Type: 2
    m_Resolution: -1
    m_CustomResolution: -1
    m_Strength: 1
    m_Bias: 0.05
    m_NormalBias: 0.4
    m_NearPlane: 0.2
    m_CullingMatrixOverride:
      e00: 1
      e01: 0
      e02: 0
      e03: 0
      e10: 0
      e11: 1
      e12: 0
      e13: 0
      e20: 0
      e21: 0
      e22: 1
      e23: 0
      e30: 0
      e31: 0
      e32: 0
      e33: 1
    m_UseCullingMatrixOverride: 0
  m_Cookie: {fileID: 0}
  m_DrawHalo: 0
  m_Flare: {fileID: 0}
  m_RenderMode: 0
  m_CullingMask:
    serializedVersion: 2
    m_Bits: 4294967295
  m_RenderingLayerMask: 1
  m_Lightmapping: 4
  m_LightShadowCasterMode: 0
  m_AreaSize: {x: 1, y: 1}
  m_BounceIntensity: 1
  m_ColorTemperature: 6570
  m_UseColorTemperature: 0
  m_BoundingSphereOverride: {x: 0, y: 0, z: 0, w: 0}
  m_UseBoundingSphereOverride: 0
  m_ShadowRadius: 0
  m_ShadowAngle: 0
--- !u!4 &1763174347
Transform:
  m_ObjectHideFlags: 0
  m_CorrespondingSourceObject: {fileID: 0}
  m_PrefabInstance: {fileID: 0}
  m_PrefabAsset: {fileID: 0}
  m_GameObject: {fileID: 1763174345}
  m_LocalRotation: {x: 0.40821788, y: -0.23456968, z: 0.10938163, w: 0.8754261}
  m_LocalPosition: {x: 0, y: 3, z: 0}
  m_LocalScale: {x: 1, y: 1, z: 1}
  m_Children: []
  m_Father: {fileID: 0}
  m_RootOrder: 0
  m_LocalEulerAnglesHint: {x: 50, y: -30, z: 0}
--- !u!1 &1891417237
GameObject:
  m_ObjectHideFlags: 0
  m_CorrespondingSourceObject: {fileID: 0}
  m_PrefabInstance: {fileID: 0}
  m_PrefabAsset: {fileID: 0}
  serializedVersion: 6
  m_Component:
  - component: {fileID: 1891417238}
  m_Layer: 0
  m_Name: Environment
  m_TagString: Untagged
  m_Icon: {fileID: 0}
  m_NavMeshLayer: 0
  m_StaticEditorFlags: 0
  m_IsActive: 1
--- !u!4 &1891417238
Transform:
  m_ObjectHideFlags: 0
  m_CorrespondingSourceObject: {fileID: 0}
  m_PrefabInstance: {fileID: 0}
  m_PrefabAsset: {fileID: 0}
  m_GameObject: {fileID: 1891417237}
  m_LocalRotation: {x: 0, y: 0, z: 0, w: 1}
  m_LocalPosition: {x: 0, y: 0, z: 0}
  m_LocalScale: {x: 1, y: 1, z: 1}
  m_Children:
  - {fileID: 2106989356}
  - {fileID: 1109485489}
  - {fileID: 1544880840}
  - {fileID: 410997138}
  - {fileID: 291386816}
  m_Father: {fileID: 0}
  m_RootOrder: 14
  m_LocalEulerAnglesHint: {x: 0, y: 0, z: 0}
--- !u!1001 &1936553413
PrefabInstance:
  m_ObjectHideFlags: 0
  serializedVersion: 2
  m_Modification:
    m_TransformParent: {fileID: 1891417238}
    m_Modifications:
    - target: {fileID: 340398923121242527, guid: 8113d96a512001b448bed88cbe07788c, type: 3}
      propertyPath: m_Name
      value: rocksTall (2)
      objectReference: {fileID: 0}
    - target: {fileID: 340398923121242527, guid: 8113d96a512001b448bed88cbe07788c, type: 3}
      propertyPath: m_StaticEditorFlags
      value: 8
      objectReference: {fileID: 0}
    - target: {fileID: 340398923121601983, guid: 8113d96a512001b448bed88cbe07788c, type: 3}
      propertyPath: m_LocalPosition.x
      value: -83.59314
      objectReference: {fileID: 0}
    - target: {fileID: 340398923121601983, guid: 8113d96a512001b448bed88cbe07788c, type: 3}
      propertyPath: m_LocalPosition.y
      value: 0
      objectReference: {fileID: 0}
    - target: {fileID: 340398923121601983, guid: 8113d96a512001b448bed88cbe07788c, type: 3}
      propertyPath: m_LocalPosition.z
      value: -16.5
      objectReference: {fileID: 0}
    - target: {fileID: 340398923121601983, guid: 8113d96a512001b448bed88cbe07788c, type: 3}
      propertyPath: m_LocalRotation.x
      value: -0
      objectReference: {fileID: 0}
    - target: {fileID: 340398923121601983, guid: 8113d96a512001b448bed88cbe07788c, type: 3}
      propertyPath: m_LocalRotation.y
      value: 0.5888673
      objectReference: {fileID: 0}
    - target: {fileID: 340398923121601983, guid: 8113d96a512001b448bed88cbe07788c, type: 3}
      propertyPath: m_LocalRotation.z
      value: -0
      objectReference: {fileID: 0}
    - target: {fileID: 340398923121601983, guid: 8113d96a512001b448bed88cbe07788c, type: 3}
      propertyPath: m_LocalRotation.w
      value: 0.80822974
      objectReference: {fileID: 0}
    - target: {fileID: 340398923121601983, guid: 8113d96a512001b448bed88cbe07788c, type: 3}
      propertyPath: m_RootOrder
      value: 1
      objectReference: {fileID: 0}
    - target: {fileID: 340398923121601983, guid: 8113d96a512001b448bed88cbe07788c, type: 3}
      propertyPath: m_LocalEulerAnglesHint.x
      value: 0
      objectReference: {fileID: 0}
    - target: {fileID: 340398923121601983, guid: 8113d96a512001b448bed88cbe07788c, type: 3}
      propertyPath: m_LocalEulerAnglesHint.y
      value: 72.153
      objectReference: {fileID: 0}
    - target: {fileID: 340398923121601983, guid: 8113d96a512001b448bed88cbe07788c, type: 3}
      propertyPath: m_LocalEulerAnglesHint.z
      value: 0
      objectReference: {fileID: 0}
    - target: {fileID: 340398923121601983, guid: 8113d96a512001b448bed88cbe07788c, type: 3}
      propertyPath: m_LocalScale.x
      value: 6.7307696
      objectReference: {fileID: 0}
    - target: {fileID: 340398923121601983, guid: 8113d96a512001b448bed88cbe07788c, type: 3}
      propertyPath: m_LocalScale.y
      value: 5.6678
      objectReference: {fileID: 0}
    - target: {fileID: 340398923121601983, guid: 8113d96a512001b448bed88cbe07788c, type: 3}
      propertyPath: m_LocalScale.z
      value: 6.728544
      objectReference: {fileID: 0}
    m_RemovedComponents: []
  m_SourcePrefab: {fileID: 100100000, guid: 8113d96a512001b448bed88cbe07788c, type: 3}
--- !u!4 &1957967292 stripped
Transform:
  m_CorrespondingSourceObject: {fileID: 1986452247415379842, guid: 216a1b74865e56d46894661679527a9c, type: 3}
  m_PrefabInstance: {fileID: 5045258847985847861}
  m_PrefabAsset: {fileID: 0}
--- !u!1001 &1995881412
PrefabInstance:
  m_ObjectHideFlags: 0
  serializedVersion: 2
  m_Modification:
    m_TransformParent: {fileID: 1891417238}
    m_Modifications:
    - target: {fileID: 340398923121242527, guid: 8113d96a512001b448bed88cbe07788c, type: 3}
      propertyPath: m_Name
      value: rocksTall (1)
      objectReference: {fileID: 0}
    - target: {fileID: 340398923121242527, guid: 8113d96a512001b448bed88cbe07788c, type: 3}
      propertyPath: m_StaticEditorFlags
      value: 8
      objectReference: {fileID: 0}
    - target: {fileID: 340398923121601983, guid: 8113d96a512001b448bed88cbe07788c, type: 3}
      propertyPath: m_LocalPosition.x
      value: -30.327242
      objectReference: {fileID: 0}
    - target: {fileID: 340398923121601983, guid: 8113d96a512001b448bed88cbe07788c, type: 3}
      propertyPath: m_LocalPosition.y
      value: 0
      objectReference: {fileID: 0}
    - target: {fileID: 340398923121601983, guid: 8113d96a512001b448bed88cbe07788c, type: 3}
      propertyPath: m_LocalPosition.z
      value: -45.00972
      objectReference: {fileID: 0}
    - target: {fileID: 340398923121601983, guid: 8113d96a512001b448bed88cbe07788c, type: 3}
      propertyPath: m_LocalRotation.x
      value: -0
      objectReference: {fileID: 0}
    - target: {fileID: 340398923121601983, guid: 8113d96a512001b448bed88cbe07788c, type: 3}
      propertyPath: m_LocalRotation.y
      value: 0.106818624
      objectReference: {fileID: 0}
    - target: {fileID: 340398923121601983, guid: 8113d96a512001b448bed88cbe07788c, type: 3}
      propertyPath: m_LocalRotation.z
      value: -0
      objectReference: {fileID: 0}
    - target: {fileID: 340398923121601983, guid: 8113d96a512001b448bed88cbe07788c, type: 3}
      propertyPath: m_LocalRotation.w
      value: 0.99427855
      objectReference: {fileID: 0}
    - target: {fileID: 340398923121601983, guid: 8113d96a512001b448bed88cbe07788c, type: 3}
      propertyPath: m_RootOrder
      value: 0
      objectReference: {fileID: 0}
    - target: {fileID: 340398923121601983, guid: 8113d96a512001b448bed88cbe07788c, type: 3}
      propertyPath: m_LocalEulerAnglesHint.x
      value: 0
      objectReference: {fileID: 0}
    - target: {fileID: 340398923121601983, guid: 8113d96a512001b448bed88cbe07788c, type: 3}
      propertyPath: m_LocalEulerAnglesHint.y
      value: 12.264
      objectReference: {fileID: 0}
    - target: {fileID: 340398923121601983, guid: 8113d96a512001b448bed88cbe07788c, type: 3}
      propertyPath: m_LocalEulerAnglesHint.z
      value: 0
      objectReference: {fileID: 0}
    - target: {fileID: 340398923121601983, guid: 8113d96a512001b448bed88cbe07788c, type: 3}
      propertyPath: m_LocalScale.x
      value: 6.7307696
      objectReference: {fileID: 0}
    - target: {fileID: 340398923121601983, guid: 8113d96a512001b448bed88cbe07788c, type: 3}
      propertyPath: m_LocalScale.y
      value: 5.6678
      objectReference: {fileID: 0}
    - target: {fileID: 340398923121601983, guid: 8113d96a512001b448bed88cbe07788c, type: 3}
      propertyPath: m_LocalScale.z
      value: 6.728544
      objectReference: {fileID: 0}
    m_RemovedComponents: []
  m_SourcePrefab: {fileID: 100100000, guid: 8113d96a512001b448bed88cbe07788c, type: 3}
--- !u!1001 &2079490656
PrefabInstance:
  m_ObjectHideFlags: 0
  serializedVersion: 2
  m_Modification:
    m_TransformParent: {fileID: 0}
    m_Modifications:
    - target: {fileID: 3987728926925406320, guid: b1a442f728a71d949b4a35d8e261dabd, type: 3}
      propertyPath: m_Name
      value: Turret
      objectReference: {fileID: 0}
    - target: {fileID: 3987728926925406321, guid: b1a442f728a71d949b4a35d8e261dabd, type: 3}
      propertyPath: m_LocalPosition.x
      value: -43.64421
      objectReference: {fileID: 0}
    - target: {fileID: 3987728926925406321, guid: b1a442f728a71d949b4a35d8e261dabd, type: 3}
      propertyPath: m_LocalPosition.y
      value: 0
      objectReference: {fileID: 0}
    - target: {fileID: 3987728926925406321, guid: b1a442f728a71d949b4a35d8e261dabd, type: 3}
      propertyPath: m_LocalPosition.z
      value: 38.506844
      objectReference: {fileID: 0}
    - target: {fileID: 3987728926925406321, guid: b1a442f728a71d949b4a35d8e261dabd, type: 3}
      propertyPath: m_LocalRotation.x
      value: 0
      objectReference: {fileID: 0}
    - target: {fileID: 3987728926925406321, guid: b1a442f728a71d949b4a35d8e261dabd, type: 3}
      propertyPath: m_LocalRotation.y
      value: 0
      objectReference: {fileID: 0}
    - target: {fileID: 3987728926925406321, guid: b1a442f728a71d949b4a35d8e261dabd, type: 3}
      propertyPath: m_LocalRotation.z
      value: 0
      objectReference: {fileID: 0}
    - target: {fileID: 3987728926925406321, guid: b1a442f728a71d949b4a35d8e261dabd, type: 3}
      propertyPath: m_LocalRotation.w
      value: 1
      objectReference: {fileID: 0}
    - target: {fileID: 3987728926925406321, guid: b1a442f728a71d949b4a35d8e261dabd, type: 3}
      propertyPath: m_RootOrder
      value: 5
      objectReference: {fileID: 0}
    - target: {fileID: 3987728926925406321, guid: b1a442f728a71d949b4a35d8e261dabd, type: 3}
      propertyPath: m_LocalEulerAnglesHint.x
      value: 0
      objectReference: {fileID: 0}
    - target: {fileID: 3987728926925406321, guid: b1a442f728a71d949b4a35d8e261dabd, type: 3}
      propertyPath: m_LocalEulerAnglesHint.y
      value: 0
      objectReference: {fileID: 0}
    - target: {fileID: 3987728926925406321, guid: b1a442f728a71d949b4a35d8e261dabd, type: 3}
      propertyPath: m_LocalEulerAnglesHint.z
      value: 0
      objectReference: {fileID: 0}
    m_RemovedComponents: []
  m_SourcePrefab: {fileID: 100100000, guid: b1a442f728a71d949b4a35d8e261dabd, type: 3}
--- !u!4 &2106989356 stripped
Transform:
  m_CorrespondingSourceObject: {fileID: 340398923121601983, guid: 8113d96a512001b448bed88cbe07788c, type: 3}
  m_PrefabInstance: {fileID: 1995881412}
  m_PrefabAsset: {fileID: 0}
--- !u!20 &2131865294 stripped
Camera:
  m_CorrespondingSourceObject: {fileID: 2539237634052715098, guid: 20b0d4f6b792e884abf79b4fe6db278e, type: 3}
  m_PrefabInstance: {fileID: 9126607141155981427}
  m_PrefabAsset: {fileID: 0}
--- !u!1001 &5045258847985847861
PrefabInstance:
  m_ObjectHideFlags: 0
  serializedVersion: 2
  m_Modification:
    m_TransformParent: {fileID: 0}
    m_Modifications:
    - target: {fileID: 1986452246646899498, guid: 216a1b74865e56d46894661679527a9c, type: 3}
      propertyPath: m_LocalPosition.x
      value: 0
      objectReference: {fileID: 0}
    - target: {fileID: 1986452246646899498, guid: 216a1b74865e56d46894661679527a9c, type: 3}
      propertyPath: m_LocalPosition.y
      value: 0
      objectReference: {fileID: 0}
    - target: {fileID: 1986452246646899498, guid: 216a1b74865e56d46894661679527a9c, type: 3}
      propertyPath: m_LocalPosition.z
      value: 0
      objectReference: {fileID: 0}
    - target: {fileID: 1986452246646899498, guid: 216a1b74865e56d46894661679527a9c, type: 3}
      propertyPath: m_LocalRotation.x
      value: -0
      objectReference: {fileID: 0}
    - target: {fileID: 1986452246646899498, guid: 216a1b74865e56d46894661679527a9c, type: 3}
      propertyPath: m_LocalRotation.y
      value: -0
      objectReference: {fileID: 0}
    - target: {fileID: 1986452246646899498, guid: 216a1b74865e56d46894661679527a9c, type: 3}
      propertyPath: m_LocalRotation.z
      value: -0
      objectReference: {fileID: 0}
    - target: {fileID: 1986452246646899498, guid: 216a1b74865e56d46894661679527a9c, type: 3}
      propertyPath: m_LocalRotation.w
      value: 1
      objectReference: {fileID: 0}
    - target: {fileID: 1986452246646899498, guid: 216a1b74865e56d46894661679527a9c, type: 3}
      propertyPath: m_RootOrder
      value: 8
      objectReference: {fileID: 0}
    - target: {fileID: 1986452246646899498, guid: 216a1b74865e56d46894661679527a9c, type: 3}
      propertyPath: m_LocalEulerAnglesHint.x
      value: 0
      objectReference: {fileID: 0}
    - target: {fileID: 1986452246646899498, guid: 216a1b74865e56d46894661679527a9c, type: 3}
      propertyPath: m_LocalEulerAnglesHint.y
      value: 0
      objectReference: {fileID: 0}
    - target: {fileID: 1986452246646899498, guid: 216a1b74865e56d46894661679527a9c, type: 3}
      propertyPath: m_LocalEulerAnglesHint.z
      value: 0
      objectReference: {fileID: 0}
    - target: {fileID: 1986452246646899500, guid: 216a1b74865e56d46894661679527a9c, type: 3}
      propertyPath: camTrans
      value: 
      objectReference: {fileID: 1957967292}
    - target: {fileID: 1986452246646899501, guid: 216a1b74865e56d46894661679527a9c, type: 3}
      propertyPath: m_Name
      value: Player
      objectReference: {fileID: 0}
    m_RemovedComponents: []
  m_SourcePrefab: {fileID: 100100000, guid: 216a1b74865e56d46894661679527a9c, type: 3}
--- !u!1 &5133726463077663884
GameObject:
  m_ObjectHideFlags: 0
  m_CorrespondingSourceObject: {fileID: 0}
  m_PrefabInstance: {fileID: 0}
  m_PrefabAsset: {fileID: 0}
  serializedVersion: 6
  m_Component:
  - component: {fileID: 5368828270084107425}
  m_Layer: 0
  m_Name: Level Pack
  m_TagString: Untagged
  m_Icon: {fileID: 0}
  m_NavMeshLayer: 0
  m_StaticEditorFlags: 0
  m_IsActive: 1
--- !u!4 &5368828270084107425
Transform:
  m_ObjectHideFlags: 0
  m_CorrespondingSourceObject: {fileID: 0}
  m_PrefabInstance: {fileID: 0}
  m_PrefabAsset: {fileID: 0}
  m_GameObject: {fileID: 5133726463077663884}
  m_LocalRotation: {x: 0, y: 0, z: 0, w: 1}
  m_LocalPosition: {x: 0, y: 0, z: 0}
  m_LocalScale: {x: 1, y: 1, z: 1}
  m_Children: []
  m_Father: {fileID: 0}
  m_RootOrder: 11
  m_LocalEulerAnglesHint: {x: 0, y: 0, z: 0}
--- !u!1001 &6195248167436171800
PrefabInstance:
  m_ObjectHideFlags: 0
  serializedVersion: 2
  m_Modification:
    m_TransformParent: {fileID: 0}
    m_Modifications:
    - target: {fileID: 607113598831181118, guid: 3f67320c1ceffab48b21ccd12e52d31d, type: 3}
      propertyPath: m_Name
      value: Managers
      objectReference: {fileID: 0}
    - target: {fileID: 607113598831181119, guid: 3f67320c1ceffab48b21ccd12e52d31d, type: 3}
      propertyPath: m_LocalPosition.x
      value: 0
      objectReference: {fileID: 0}
    - target: {fileID: 607113598831181119, guid: 3f67320c1ceffab48b21ccd12e52d31d, type: 3}
      propertyPath: m_LocalPosition.y
      value: 0
      objectReference: {fileID: 0}
    - target: {fileID: 607113598831181119, guid: 3f67320c1ceffab48b21ccd12e52d31d, type: 3}
      propertyPath: m_LocalPosition.z
      value: 0
      objectReference: {fileID: 0}
    - target: {fileID: 607113598831181119, guid: 3f67320c1ceffab48b21ccd12e52d31d, type: 3}
      propertyPath: m_LocalRotation.x
      value: -0
      objectReference: {fileID: 0}
    - target: {fileID: 607113598831181119, guid: 3f67320c1ceffab48b21ccd12e52d31d, type: 3}
      propertyPath: m_LocalRotation.y
      value: -0
      objectReference: {fileID: 0}
    - target: {fileID: 607113598831181119, guid: 3f67320c1ceffab48b21ccd12e52d31d, type: 3}
      propertyPath: m_LocalRotation.z
      value: -0
      objectReference: {fileID: 0}
    - target: {fileID: 607113598831181119, guid: 3f67320c1ceffab48b21ccd12e52d31d, type: 3}
      propertyPath: m_LocalRotation.w
      value: 1
      objectReference: {fileID: 0}
    - target: {fileID: 607113598831181119, guid: 3f67320c1ceffab48b21ccd12e52d31d, type: 3}
      propertyPath: m_RootOrder
      value: 9
      objectReference: {fileID: 0}
    - target: {fileID: 607113598831181119, guid: 3f67320c1ceffab48b21ccd12e52d31d, type: 3}
      propertyPath: m_LocalEulerAnglesHint.x
      value: 0
      objectReference: {fileID: 0}
    - target: {fileID: 607113598831181119, guid: 3f67320c1ceffab48b21ccd12e52d31d, type: 3}
      propertyPath: m_LocalEulerAnglesHint.y
      value: 0
      objectReference: {fileID: 0}
    - target: {fileID: 607113598831181119, guid: 3f67320c1ceffab48b21ccd12e52d31d, type: 3}
      propertyPath: m_LocalEulerAnglesHint.z
      value: 0
      objectReference: {fileID: 0}
    m_RemovedComponents: []
  m_SourcePrefab: {fileID: 100100000, guid: 3f67320c1ceffab48b21ccd12e52d31d, type: 3}
--- !u!1001 &8170334751101143938
PrefabInstance:
  m_ObjectHideFlags: 0
  serializedVersion: 2
  m_Modification:
    m_TransformParent: {fileID: 0}
    m_Modifications:
    - target: {fileID: 3240282555900619199, guid: 0a46bd3500657264daf5a2fd3e0e0586, type: 3}
      propertyPath: m_AnchorMax.x
      value: 0
      objectReference: {fileID: 0}
    - target: {fileID: 3240282555900619199, guid: 0a46bd3500657264daf5a2fd3e0e0586, type: 3}
      propertyPath: m_AnchorMax.y
      value: 0
      objectReference: {fileID: 0}
    - target: {fileID: 3240282556932992320, guid: 0a46bd3500657264daf5a2fd3e0e0586, type: 3}
      propertyPath: m_LocalPosition.x
      value: 0
      objectReference: {fileID: 0}
    - target: {fileID: 3240282556932992320, guid: 0a46bd3500657264daf5a2fd3e0e0586, type: 3}
      propertyPath: m_LocalPosition.y
      value: 0
      objectReference: {fileID: 0}
    - target: {fileID: 3240282556932992320, guid: 0a46bd3500657264daf5a2fd3e0e0586, type: 3}
      propertyPath: m_LocalPosition.z
      value: 0
      objectReference: {fileID: 0}
    - target: {fileID: 3240282556932992320, guid: 0a46bd3500657264daf5a2fd3e0e0586, type: 3}
      propertyPath: m_LocalRotation.x
      value: 0
      objectReference: {fileID: 0}
    - target: {fileID: 3240282556932992320, guid: 0a46bd3500657264daf5a2fd3e0e0586, type: 3}
      propertyPath: m_LocalRotation.y
      value: 0
      objectReference: {fileID: 0}
    - target: {fileID: 3240282556932992320, guid: 0a46bd3500657264daf5a2fd3e0e0586, type: 3}
      propertyPath: m_LocalRotation.z
      value: 0
      objectReference: {fileID: 0}
    - target: {fileID: 3240282556932992320, guid: 0a46bd3500657264daf5a2fd3e0e0586, type: 3}
      propertyPath: m_LocalRotation.w
      value: 1
      objectReference: {fileID: 0}
    - target: {fileID: 3240282556932992320, guid: 0a46bd3500657264daf5a2fd3e0e0586, type: 3}
      propertyPath: m_RootOrder
      value: 10
      objectReference: {fileID: 0}
    - target: {fileID: 3240282556932992320, guid: 0a46bd3500657264daf5a2fd3e0e0586, type: 3}
      propertyPath: m_LocalEulerAnglesHint.x
      value: 0
      objectReference: {fileID: 0}
    - target: {fileID: 3240282556932992320, guid: 0a46bd3500657264daf5a2fd3e0e0586, type: 3}
      propertyPath: m_LocalEulerAnglesHint.y
      value: 0
      objectReference: {fileID: 0}
    - target: {fileID: 3240282556932992320, guid: 0a46bd3500657264daf5a2fd3e0e0586, type: 3}
      propertyPath: m_LocalEulerAnglesHint.z
      value: 0
      objectReference: {fileID: 0}
    - target: {fileID: 3240282556932992320, guid: 0a46bd3500657264daf5a2fd3e0e0586, type: 3}
      propertyPath: m_AnchoredPosition.x
      value: 0
      objectReference: {fileID: 0}
    - target: {fileID: 3240282556932992320, guid: 0a46bd3500657264daf5a2fd3e0e0586, type: 3}
      propertyPath: m_AnchoredPosition.y
      value: 0
      objectReference: {fileID: 0}
    - target: {fileID: 3240282556932992320, guid: 0a46bd3500657264daf5a2fd3e0e0586, type: 3}
      propertyPath: m_SizeDelta.x
      value: 0
      objectReference: {fileID: 0}
    - target: {fileID: 3240282556932992320, guid: 0a46bd3500657264daf5a2fd3e0e0586, type: 3}
      propertyPath: m_SizeDelta.y
      value: 0
      objectReference: {fileID: 0}
    - target: {fileID: 3240282556932992320, guid: 0a46bd3500657264daf5a2fd3e0e0586, type: 3}
      propertyPath: m_AnchorMin.x
      value: 0
      objectReference: {fileID: 0}
    - target: {fileID: 3240282556932992320, guid: 0a46bd3500657264daf5a2fd3e0e0586, type: 3}
      propertyPath: m_AnchorMin.y
      value: 0
      objectReference: {fileID: 0}
    - target: {fileID: 3240282556932992320, guid: 0a46bd3500657264daf5a2fd3e0e0586, type: 3}
      propertyPath: m_AnchorMax.x
      value: 0
      objectReference: {fileID: 0}
    - target: {fileID: 3240282556932992320, guid: 0a46bd3500657264daf5a2fd3e0e0586, type: 3}
      propertyPath: m_AnchorMax.y
      value: 0
      objectReference: {fileID: 0}
    - target: {fileID: 3240282556932992320, guid: 0a46bd3500657264daf5a2fd3e0e0586, type: 3}
      propertyPath: m_Pivot.x
      value: 0
      objectReference: {fileID: 0}
    - target: {fileID: 3240282556932992320, guid: 0a46bd3500657264daf5a2fd3e0e0586, type: 3}
      propertyPath: m_Pivot.y
      value: 0
      objectReference: {fileID: 0}
    - target: {fileID: 3240282556932992332, guid: 0a46bd3500657264daf5a2fd3e0e0586, type: 3}
      propertyPath: m_Name
      value: UI Canvas
      objectReference: {fileID: 0}
    m_RemovedComponents: []
  m_SourcePrefab: {fileID: 100100000, guid: 0a46bd3500657264daf5a2fd3e0e0586, type: 3}
--- !u!1001 &8299178541029897088
PrefabInstance:
  m_ObjectHideFlags: 0
  serializedVersion: 2
  m_Modification:
    m_TransformParent: {fileID: 0}
    m_Modifications:
    - target: {fileID: 3366877306496090739, guid: c31199ec29ae48643b2478fe2c27dda7, type: 3}
      propertyPath: m_Name
      value: LevelExit
      objectReference: {fileID: 0}
    - target: {fileID: 3366877306496090742, guid: c31199ec29ae48643b2478fe2c27dda7, type: 3}
      propertyPath: m_LocalPosition.x
      value: -21.48
      objectReference: {fileID: 0}
    - target: {fileID: 3366877306496090742, guid: c31199ec29ae48643b2478fe2c27dda7, type: 3}
      propertyPath: m_LocalPosition.y
      value: 0
      objectReference: {fileID: 0}
    - target: {fileID: 3366877306496090742, guid: c31199ec29ae48643b2478fe2c27dda7, type: 3}
      propertyPath: m_LocalPosition.z
      value: 0.68
      objectReference: {fileID: 0}
    - target: {fileID: 3366877306496090742, guid: c31199ec29ae48643b2478fe2c27dda7, type: 3}
      propertyPath: m_LocalRotation.x
      value: -0
      objectReference: {fileID: 0}
    - target: {fileID: 3366877306496090742, guid: c31199ec29ae48643b2478fe2c27dda7, type: 3}
      propertyPath: m_LocalRotation.y
      value: -0
      objectReference: {fileID: 0}
    - target: {fileID: 3366877306496090742, guid: c31199ec29ae48643b2478fe2c27dda7, type: 3}
      propertyPath: m_LocalRotation.z
      value: -0
      objectReference: {fileID: 0}
    - target: {fileID: 3366877306496090742, guid: c31199ec29ae48643b2478fe2c27dda7, type: 3}
      propertyPath: m_LocalRotation.w
      value: 1
      objectReference: {fileID: 0}
    - target: {fileID: 3366877306496090742, guid: c31199ec29ae48643b2478fe2c27dda7, type: 3}
      propertyPath: m_RootOrder
      value: 12
      objectReference: {fileID: 0}
    - target: {fileID: 3366877306496090742, guid: c31199ec29ae48643b2478fe2c27dda7, type: 3}
      propertyPath: m_LocalEulerAnglesHint.x
      value: 0
      objectReference: {fileID: 0}
    - target: {fileID: 3366877306496090742, guid: c31199ec29ae48643b2478fe2c27dda7, type: 3}
      propertyPath: m_LocalEulerAnglesHint.y
      value: 0
      objectReference: {fileID: 0}
    - target: {fileID: 3366877306496090742, guid: c31199ec29ae48643b2478fe2c27dda7, type: 3}
      propertyPath: m_LocalEulerAnglesHint.z
      value: 0
      objectReference: {fileID: 0}
    m_RemovedComponents: []
  m_SourcePrefab: {fileID: 100100000, guid: c31199ec29ae48643b2478fe2c27dda7, type: 3}
--- !u!1001 &9126607141155981427
PrefabInstance:
  m_ObjectHideFlags: 0
  serializedVersion: 2
  m_Modification:
    m_TransformParent: {fileID: 0}
    m_Modifications:
    - target: {fileID: 2539237634052715096, guid: 20b0d4f6b792e884abf79b4fe6db278e, type: 3}
      propertyPath: m_Name
      value: Main Camera
      objectReference: {fileID: 0}
    - target: {fileID: 2539237634052715100, guid: 20b0d4f6b792e884abf79b4fe6db278e, type: 3}
      propertyPath: target
      value: 
      objectReference: {fileID: 1957967292}
    - target: {fileID: 2539237634052715100, guid: 20b0d4f6b792e884abf79b4fe6db278e, type: 3}
      propertyPath: theCam
      value: 
      objectReference: {fileID: 2131865294}
    - target: {fileID: 2539237634052715101, guid: 20b0d4f6b792e884abf79b4fe6db278e, type: 3}
      propertyPath: m_LocalPosition.x
      value: 0
      objectReference: {fileID: 0}
    - target: {fileID: 2539237634052715101, guid: 20b0d4f6b792e884abf79b4fe6db278e, type: 3}
      propertyPath: m_LocalPosition.y
      value: 1.6
      objectReference: {fileID: 0}
    - target: {fileID: 2539237634052715101, guid: 20b0d4f6b792e884abf79b4fe6db278e, type: 3}
      propertyPath: m_LocalPosition.z
      value: 0
      objectReference: {fileID: 0}
    - target: {fileID: 2539237634052715101, guid: 20b0d4f6b792e884abf79b4fe6db278e, type: 3}
      propertyPath: m_LocalRotation.x
      value: -0
      objectReference: {fileID: 0}
    - target: {fileID: 2539237634052715101, guid: 20b0d4f6b792e884abf79b4fe6db278e, type: 3}
      propertyPath: m_LocalRotation.y
      value: -0
      objectReference: {fileID: 0}
    - target: {fileID: 2539237634052715101, guid: 20b0d4f6b792e884abf79b4fe6db278e, type: 3}
      propertyPath: m_LocalRotation.z
      value: -0
      objectReference: {fileID: 0}
    - target: {fileID: 2539237634052715101, guid: 20b0d4f6b792e884abf79b4fe6db278e, type: 3}
      propertyPath: m_LocalRotation.w
      value: 1
      objectReference: {fileID: 0}
    - target: {fileID: 2539237634052715101, guid: 20b0d4f6b792e884abf79b4fe6db278e, type: 3}
      propertyPath: m_RootOrder
      value: 7
      objectReference: {fileID: 0}
    - target: {fileID: 2539237634052715101, guid: 20b0d4f6b792e884abf79b4fe6db278e, type: 3}
      propertyPath: m_LocalEulerAnglesHint.x
      value: 0
      objectReference: {fileID: 0}
    - target: {fileID: 2539237634052715101, guid: 20b0d4f6b792e884abf79b4fe6db278e, type: 3}
      propertyPath: m_LocalEulerAnglesHint.y
      value: 0
      objectReference: {fileID: 0}
    - target: {fileID: 2539237634052715101, guid: 20b0d4f6b792e884abf79b4fe6db278e, type: 3}
      propertyPath: m_LocalEulerAnglesHint.z
      value: 0
      objectReference: {fileID: 0}
    m_RemovedComponents: []
  m_SourcePrefab: {fileID: 100100000, guid: 20b0d4f6b792e884abf79b4fe6db278e, type: 3}
